@book{wickham_rds,
  title={R for Data Science: Import, Tidy, Transform, Visualize, and Model Data},
  author={Wickham, H. and Grolemund, G.},
  isbn={9781491910337},
  lccn={2017300238},
  url={https://r4ds.had.co.nz/},
  year={2017},
  publisher={O'Reilly Media}
}

@article{RN3753,
   author = {Jaquette, Ozan and Curs, Bradley R.},
   title = {Creating the out-of-state university: Do public universities increase nonresident freshman enrollment in response to declining state appropriations?},
   journal = {Research in Higher Education},
   volume = {56},
   number = {6},
   pages = {535-565},
   ISSN = {0361-0365},
   DOI = {10.1007/s11162-015-9362-2},
   url = {http://dx.doi.org/10.1007/s11162-015-9362-2},
   year = {2015},
}

@article{RN4290,
   author = {Curs, Bradley R. and Jaquette, Ozan},
   title = {Crowded Out? The Effect of Nonresident Enrollment on Resident Access to Public Research Universities},
   journal = {Educational Evaluation and Policy Analysis},
   volume = {39},
   number = {4},
   pages = {644-669},
   DOI = {10.3102/0162373717704719},
   url = {http://journals.sagepub.com/doi/abs/10.3102/0162373717704719},
   year = {2017},
}


@article{RN3292,
   author = {Cabrera, Nolan L. and Milem, Jeffrey F. and Jaquette, O. and Marx, Ron},
   title = {Missing the (student achievement) forest for all the (political) trees: Empiricism and the Mexican American Studies controversy in Tucson},
   journal = {American Educational Research Journal},
   volume = {51},
   number = {6},
   pages = {1084-1118},
   year = {2014},
}

@article{RN4450,
   author = {Salazar, Karina and Jaquette, Ozan and Han, Crystal},
   title = {Coming soon to a neighborhood near you? Off-campus recruiting by public research universities},
   journal = {American Educational Research Journal},
   year = {forthcoming},
}
